@misc{Eagen22,
      author = {Liam Eagen},
      title = {{Zero Knowledge Proofs of Elliptic Curve Inner Products from Principal Divisors and Weil Reciprocity}},
      howpublished = {Cryptology {ePrint} Archive, Paper 2022/596},
      year = {2022},
      note = {\url{https://eprint.iacr.org/2022/596}}
}

@misc{Habock22,
      author = {Ulrich Haböck},
      title = {{Multivariate Lookups Based on Logarithmic Derivatives}},
      howpublished = {Cryptology {ePrint} Archive, Paper 2022/1530},
      year = {2022},
      url = {https://eprint.iacr.org/2022/1530}
}

@misc{BassaSoundnessProofSoP,
  title        = {{Soundness Proof for Eagen’s Proof of Sums of Points}},
  author       = {Alp Bassa},
  year         = 2024,
  note         = {Accessed: 03-Mar-2025},
  howpublished = {\url{https://repo.getmonero.org/-/project/54/uploads/eb1bf5b4d4855a3480c38abf895bd8e8/Veridise_Divisor_Proofs.pdf}}
}

@misc{BassaLogDerivSoP,
  title        = {{On the Use of Logarithmic Derivatives in Eagen’s Proof of Sums of Points}},
  author       = {Alp Bassa},
  year         = 2024,
  note         = {Accessed: 03-Mar-2025},
  howpublished = {\url{https://repo.getmonero.org/-/project/54/uploads/bfe9f49326a843ef1c9466e30a5d42c8/VAR_Monero_Logarithmic_Derivatives_Final.pdf}}
}

@book{silverman2009arithmetic,
  title={The arithmetic of elliptic curves},
  author={Silverman, Joseph H},
  volume={106},
  year={2009},
  publisher={Springer}
}


@misc{BassaSoundnessIPDL,
  title        = {{Soundness Proof for an Interactive Protocol for the Discrete Logarithm Relation}},
  author       = {Alp Bassa},
  year         = 2024,
  note         = {Accessed: 02-Apr-2025},
  howpublished = {\url{https://moneroresearch.info/259}}
}

@misc{Celi23,
      author = {Sofia Celi and Shai Levin and Joe Rowell},
      title = {{CDLS: Proving Knowledge of Committed Discrete Logarithms with Soundness}},
      howpublished = {Cryptology {ePrint} Archive, Paper 2023/1595},
      year = {2023},
      note = {\url{https://eprint.iacr.org/2023/1595}}
}


@misc{Bullet,
      author = {Benedikt Bünz and Jonathan Bootle and Dan Boneh and Andrew Poelstra and Pieter Wuille and Greg Maxwell},
      title = {{Bulletproofs: Short Proofs for Confidential Transactions and More}},
      howpublished = {Cryptology {ePrint} Archive, Paper 2017/1066},
      year = {2017},
      note = {\url{https://eprint.iacr.org/2017/1066}}
}

@misc{KayabaR1CS,
  author       = {{Kayaba}},
  title        = {{A R1CS Gadget for a $2^k$-bit Scaling of a Fixed Generator in $7$ Multiplicative Constraints}},
  note         = {Accessed: 01 April 2025},
 howpublished = {\url{https://github.com/kayabaNerve/fcmp-plus-plus-paper/blob/divisor-paper/divisors.pdf}}
}

@misc{Ducas18,
      author = {Léo Ducas and Cécile Pierrot},
      title = {{Polynomial Time Bounded Distance Decoding near Minkowski’s Bound in Discrete Logarithm Lattices}},
      howpublished = {Cryptology {ePrint} Archive, Paper 2018/146},
      year = {2018},
      note = {\url{https://eprint.iacr.org/2018/146}}
}


@misc{KayabaFCMP,
  author       = {{Kayaba}},
  title        = {{FCMP++}},
  note         = {Accessed: 03 April 2025},
 howpublished = {\url{https://github.com/kayabaNerve/fcmp-plus-plus-paper/blob/divisor-paper/fcmp%2B%2B.pdf}}
}






