@misc{KayabaG24,
    author={Luke Parker}, 
    title={fcmp-plus-plus repository},
    howpublished={GitHub},
    year={2024},
    note={\url{https://github.com/kayabaNerve/fcmp-plus-plus/blob/78754718faa21f0a5751fbd30c9495d7f7f5c2b1/crypto/divisors/src/lib.rs}}
}

@misc{Kayaba25,
    author={Luke Parker},
    title={personal communication},
    year={2025},
}

@misc{Kayaba24,
    author={Luke Parker},
    title={FCMP++},
    howpublished={GitHub},
    year={2024},
    note={\url{https://github.com/kayabaNerve/fcmp-plus-plus-paper/blob/develop/fcmp%2B%2B.pdf}}
}

@misc{EagenSage24,
    author={Liam Eagen},
    title={Sage Implementations of Divisors},
    howpublished={GitHub},
    year={2024},
    note={\url{https://gist.github.com/Liam-Eagen/666d0771f4968adccd6087465b8c5bd4}}
}

@misc{Eagen22,
      author = {Liam Eagen},
      title = {{Zero Knowledge Proofs of Elliptic Curve Inner Products from Principal Divisors and Weil Reciprocity}},
      howpublished = {Cryptology {ePrint} Archive, Paper 2022/596},
      year = {2022},
      note = {\url{https://eprint.iacr.org/2022/596}}
}

@inproceedings{boneh2025exponent,
  title={Exponent-VRFs and their applications},
  author={Boneh, Dan and Haitner, Iftach and Lindell, Yehuda and Segev, Gil},
  booktitle={Annual International Conference on the Theory and Applications of Cryptographic Techniques},
  pages={195--224},
  year={2025},
  organization={Springer}
}


@inproceedings{gennaro2010non,
  title={Non-interactive verifiable computing: Outsourcing computation to untrusted workers},
  author={Gennaro, Rosario and Gentry, Craig and Parno, Bryan},
  booktitle={Advances in Cryptology--CRYPTO 2010: 30th Annual Cryptology Conference, Santa Barbara, CA, USA, August 15-19, 2010. Proceedings 30},
  pages={465--482},
  year={2010},
  organization={Springer}
}


@misc{Habock22,
      author = {Ulrich Haböck},
      title = {{Multivariate Lookups Based on Logarithmic Derivatives}},
      howpublished = {Cryptology {ePrint} Archive, Paper 2022/1530},
      year = {2022},
      url = {https://eprint.iacr.org/2022/1530}
}

@article{dedekind1882theorie,
  title={Theorie der algebraischen Functionen einer Ver{\"a}nderlichen.},
  author={Dedekind, Richard and Weber, Heinrich},
  year={1882},
  publisher={Walter de Gruyter, Berlin/New York Berlin, New York}
}


@misc{BassaSoundnessProofSoP,
  title        = {{Soundness Proof for Eagen’s Proof of Sums of Points}},
  author       = {Alp Bassa},
  year         = 2024,
  note         = {Accessed: 03-Mar-2025},
  howpublished = {\url{https://repo.getmonero.org/-/project/54/uploads/eb1bf5b4d4855a3480c38abf895bd8e8/Veridise_Divisor_Proofs.pdf}}
}

@misc{BassaLogDerivSoP,
  title        = {{On the Use of Logarithmic Derivatives in Eagen’s Proof of Sums of Points}},
  author       = {Alp Bassa},
  year         = 2024,
  note         = {Accessed: 03-Mar-2025},
  howpublished = {\url{https://repo.getmonero.org/-/project/54/uploads/bfe9f49326a843ef1c9466e30a5d42c8/VAR_Monero_Logarithmic_Derivatives_Final.pdf}}
}

@misc{BassaSoundnessIPDL,
  title        = {{Soundness Proof for an Interactive Protocol for the Discrete Logarithm Relation}},
  author       = {Alp Bassa},
  year         = 2024,
  note         = {Accessed: 02-Apr-2025},
  howpublished = {\url{https://moneroresearch.info/259}}
}

@misc{Celi23,
      author = {Sofia Celi and Shai Levin and Joe Rowell},
      title = {{CDLS: Proving Knowledge of Committed Discrete Logarithms with Soundness}},
      howpublished = {Cryptology {ePrint} Archive, Paper 2023/1595},
      year = {2023},
      note = {\url{https://eprint.iacr.org/2023/1595}}
}


@misc{Bullet,
      author = {Benedikt Bünz and Jonathan Bootle and Dan Boneh and Andrew Poelstra and Pieter Wuille and Greg Maxwell},
      title = {{Bulletproofs: Short Proofs for Confidential Transactions and More}},
      howpublished = {Cryptology {ePrint} Archive, Paper 2017/1066},
      year = {2017},
      note = {\url{https://eprint.iacr.org/2017/1066}}
}

@misc{KayabaR1CS,
  author       = {{Kayaba}},
  title        = {{A R1CS Gadget for a $2^k$-bit Scaling of a Fixed Generator in $7$ Multiplicative Constraints}},
  note         = {Accessed: 01 April 2025},
 howpublished = {\url{https://github.com/kayabaNerve/fcmp-plus-plus-paper/blob/divisor-paper/divisors.pdf}}
}

@misc{Ducas18,
      author = {Léo Ducas and Cécile Pierrot},
      title = {{Polynomial Time Bounded Distance Decoding near Minkowski’s Bound in Discrete Logarithm Lattices}},
      howpublished = {Cryptology {ePrint} Archive, Paper 2018/146},
      year = {2018},
      note = {\url{https://eprint.iacr.org/2018/146}}
}


@misc{KayabaFCMPpp,
  author       = {{Kayaba}},
  title        = {{FCMP++}},
  note         = {Accessed: 03 April 2025},
 howpublished = {\url{https://github.com/kayabaNerve/fcmp-plus-plus/blob/78754718faa21f0a5751fbd30c9495d7f7f5c2b1/crypto/divisors/src/lib.rs}}
}

@misc{VeridiseLogReview,
  author={{C}ypher {S}tack},
  title={{A} {R}eview of {S}oundness of {D}ivisors-based {P}roofs},
  note={\url{https://github.com/cypherstack/divisor_deep_dive/tree/main/latex/sum_of_points}},
}
